<?xml version="1.0" encoding="UTF-8"?><record xmlns="http://www.loc.gov/MARC21/slim" xmlns:cinclude="http://apache.org/cocoon/include/1.0" xmlns:zs="http://www.loc.gov/zing/srw/">
  <leader>00471nz  a2200133n  4500</leader>
  <controlfield tag="001">no2013023090</controlfield>
  <controlfield tag="003">DLC</controlfield>
  <controlfield tag="005">20130303081615.0</controlfield>
  <controlfield tag="008">130301n| azannaabn          |n aaa     c</controlfield>
  <datafield tag="010" ind1=" " ind2=" ">
    <subfield code="a">no2013023090</subfield>
  </datafield>
  <datafield tag="035" ind1=" " ind2=" ">
    <subfield code="a">(OCoLC)oca09417445</subfield>
  </datafield>
  <datafield tag="040" ind1=" " ind2=" ">
    <subfield code="a">InU</subfield>
    <subfield code="b">eng</subfield>
    <subfield code="e">rda</subfield>
    <subfield code="c">InU</subfield>
  </datafield>
  <datafield tag="100" ind1="1" ind2=" ">
    <subfield code="a">Chamberlain, Todd Allan</subfield>
  </datafield>
  <datafield tag="670" ind1=" " ind2=" ">
    <subfield code="a">Branching out or breaking off?, 2011:</subfield>
    <subfield code="b">t.p. (Todd Allan Chamberlain; Ph.D., 2011; Indiana University, Bloomington; Dept. of Educational Leadership and Policy Studies)</subfield>
  </datafield>
</record>